@standard{SCSF00045714,
  author    = {段明莲 and 白光武 and 陈浩元 and 刘曙光 and 曾燕},
  title     = {信息与文献　参考文献著录规则},
  edition   = {GB/T 7714-2015},
  year      = {2015},
  publisher = {中华人民共和国国家质量监督检验检疫总局;中国国家标准化管理委员会}
}